@article{rick1994dynamical,
  title={Dynamical fluctuating charge force fields: Application to liquid water},
  author={Rick, Steven W and Stuart, Steven J and Berne, Bruce J},
  journal={The Journal of chemical physics},
  volume={101},
  number={7},
  pages={6141--6156},
  year={1994},
  publisher={American Institute of Physics}
}

@article{applequist1985multipole,
  title={A multipole interaction theory of electric polarization of atomic and molecular assemblies},
  author={Applequist, Jon},
  journal={The Journal of chemical physics},
  volume={83},
  number={2},
  pages={809--826},
  year={1985},
  publisher={American Institute of Physics}
}

@article{stern2001combined,
  title={Combined fluctuating charge and polarizable dipole models: Application to a five-site water potential function},
  author={Stern, Harry A and Rittner, F and Berne, BJ and Friesner, Richard A},
  journal={The Journal of chemical physics},
  volume={115},
  number={5},
  pages={2237--2251},
  year={2001},
  publisher={American Institute of Physics}
}

@article{van2016beyond,
  title={Beyond Born--Mayer: Improved models for short-range repulsion in ab initio force fields},
  author={Van Vleet, Mary J and Misquitta, Alston J and Stone, Anthony J and Schmidt, Jordan R},
  journal={Journal of chemical theory and computation},
  volume={12},
  number={8},
  pages={3851--3870},
  year={2016},
  publisher={ACS Publications}
}

@article{van2018new,
  title={New angles on standard force fields: Toward a general approach for treating atomic-level anisotropy},
  author={Van Vleet, Mary J and Misquitta, Alston J and Schmidt, JR},
  journal={Journal of Chemical Theory and Computation},
  volume={14},
  number={2},
  pages={739--758},
  year={2018},
  publisher={ACS Publications}
}

@article{wheatley1990overlap,
  title={An overlap model for estimating the anisotropy of repulsion},
  author={Wheatley, Richard J and Price, Sarah L},
  journal={Molecular Physics},
  volume={69},
  number={3},
  pages={507--533},
  year={1990},
  publisher={Taylor \& Francis}
}

@article{gavezzotti2002calculation,
  title={Calculation of intermolecular interaction energies by direct numerical integration over electron densities. I. Electrostatic and polarization energies in molecular crystals},
  author={Gavezzotti, A},
  journal={The Journal of Physical Chemistry B},
  volume={106},
  number={16},
  pages={4145--4154},
  year={2002},
  publisher={ACS Publications}
}

@article{kim1981dependence,
  title={Dependence of the closed-shell repulsive interaction on the overlap of the electron densities},
  author={Kim, Yung Sik and Kim, Seong Keun and Lee, Won Don},
  journal={Chemical Physics Letters},
  volume={80},
  number={3},
  pages={574--575},
  year={1981},
  publisher={Elsevier}
}

@article{misquitta2014distributed,
  title={Distributed multipoles from a robust basis-space implementation of the iterated stockholder atoms procedure},
  author={Misquitta, Alston J and Stone, Anthony J and Fazeli, Farhang},
  journal={Journal of Chemical Theory and Computation},
  volume={10},
  number={12},
  pages={5405--5418},
  year={2014},
  publisher={ACS Publications}
}

@article{misquitta2018isa,
  title={ISA-Pol: distributed polarizabilities and dispersion models from a basis-space implementation of the iterated stockholder atoms procedure},
  author={Misquitta, Alston J and Stone, Anthony J},
  journal={Theoretical Chemistry Accounts},
  volume={137},
  pages={1--20},
  year={2018},
  publisher={Springer}
}

@article{misquitta2016ab,
  title={Ab initio atom--atom potentials using CamCASP: Theory and application to many-body models for the pyridine dimer},
  author={Misquitta, Alston J and Stone, Anthony J},
  journal={Journal of chemical theory and computation},
  volume={12},
  number={9},
  pages={4184--4208},
  year={2016},
  publisher={ACS Publications}
}

@article{wallqvist1989new,
  title={A new non-empirical force field for computer simulations},
  author={Wallqvist, A and Karlstr{\"o}m, G},
  journal={Chem. Scr. A},
  volume={29},
  pages={1989},
  year={1989}
}

@article{gordon1996approximate,
  title={An approximate formula for the intermolecular Pauli repulsion between closed shell molecules},
  author={Gordon, Jan H Jensen Mark S},
  journal={molecular physics},
  volume={89},
  number={5},
  pages={1313--1325},
  year={1996},
  publisher={Taylor \& Francis}
}

@article{demerdash2017assessing,
  title={Assessing many-body contributions to intermolecular interactions of the AMOEBA force field using energy decomposition analysis of electronic structure calculations},
  author={Demerdash, Omar and Mao, Yuezhi and Liu, Tianyi and Head-Gordon, Martin and Head-Gordon, Teresa},
  journal={The Journal of chemical physics},
  volume={147},
  number={16},
  pages={161721},
  year={2017},
  publisher={AIP Publishing LLC}
}

@article{rackers2017optimized,
  title={An optimized charge penetration model for use with the AMOEBA force field},
  author={Rackers, Joshua A and Wang, Qiantao and Liu, Chengwen and Piquemal, Jean-Philip and Ren, Pengyu and Ponder, Jay W},
  journal={Physical Chemistry Chemical Physics},
  volume={19},
  number={1},
  pages={276--291},
  year={2017},
  publisher={Royal Society of Chemistry}
}

@article{rackers2021polarizable,
  title={Polarizable water potential derived from a model electron density},
  author={Rackers, Joshua A and Silva, Roseane R and Wang, Zhi and Ponder, Jay W},
  journal={Journal of chemical theory and computation},
  volume={17},
  number={11},
  pages={7056--7084},
  year={2021},
  publisher={ACS Publications}
}

@article{ruth1994localization,
  title={Localization methods for distributed polarizabilities},
  author={Ruth Le Sueur, C and Stone, Anthony J},
  journal={Molecular Physics},
  volume={83},
  number={2},
  pages={293--307},
  year={1994},
  publisher={Taylor \& Francis}
}

@article{stone1985distributedb,
  title={Distributed polarizabilities},
  author={Stone, AJ},
  journal={Molecular Physics},
  volume={56},
  number={5},
  pages={1065--1082},
  year={1985},
  publisher={Taylor \& Francis}
}

@article{stone1985distributeda,
  title={Distributed multipole analysis: methods and applications},
  author={Stone, Anthony J and Alderton, M},
  journal={Molecular Physics},
  volume={56},
  number={5},
  pages={1047--1064},
  year={1985},
  publisher={Taylor \& Francis}
}

@article{stone1981distributed,
  title={Distributed multipole analysis, or how to describe a molecular charge distribution},
  author={Stone, Anthony J},
  journal={Chemical Physics Letters},
  volume={83},
  number={2},
  pages={233--239},
  year={1981},
  publisher={Elsevier}
}

@article{stone2002orient,
  title={ORIENT, version 4.6},
  author={Stone, Anthony J and Dullweber, Andreas and Engkvist, Ola and Fraschini, Elena and Hodges, Matthew P and Meredith, AW and Nutt, DR and Popelier, PLA and Wales, DJ},
  journal={University of Cambridge, England},
  year={2002}
}

@article{mortier1986electronegativity,
  title={Electronegativity-equalization method for the calculation of atomic charges in molecules},
  author={Mortier, Wilfried J and Ghosh, Swapan K and Shankar, S},
  journal={Journal of the American Chemical Society},
  volume={108},
  number={15},
  pages={4315--4320},
  year={1986},
  publisher={ACS Publications}
}

@article{chen2007qtpie,
  title={QTPIE: Charge transfer with polarization current equalization. A fluctuating charge model with correct asymptotics},
  author={Chen, Jiahao and Mart{\'\i}nez, Todd J},
  journal={Chemical physics letters},
  volume={438},
  number={4-6},
  pages={315--320},
  year={2007},
  publisher={Elsevier}
}

@article{chen2008unified,
  title={A unified theoretical framework for fluctuating-charge models in atom-space and in bond-space},
  author={Chen, Jiahao and Hundertmark, Dirk and Mart{\'\i}nez, Todd J},
  journal={The Journal of chemical physics},
  volume={129},
  number={21},
  year={2008},
  publisher={AIP Publishing}
}

@article{thole1981molecular,
  title={Molecular polarizabilities calculated with a modified dipole interaction},
  author={Thole, B Th},
  journal={Chemical Physics},
  volume={59},
  number={3},
  pages={341--350},
  year={1981},
  publisher={Elsevier}
}

@article{tang1984improved,
  title={An improved simple model for the van der Waals potential based on universal damping functions for the dispersion coefficients},
  author={Tang, KT and Toennies, J Peter},
  journal={The Journal of chemical physics},
  volume={80},
  number={8},
  pages={3726--3741},
  year={1984},
  publisher={American Institute of Physics}
}

@article{sheng2022semiempirical,
  title={A semiempirical potential for alkali halide diatoms with damped interactions I. Rittner potential},
  author={Sheng, Xiaowei and Tang, Kwong Tin and Toennies, J Peter},
  journal={Physical Chemistry Chemical Physics},
  volume={24},
  number={40},
  pages={24823--24833},
  year={2022},
  publisher={Royal Society of Chemistry}
}

@article{ponder2010current,
  title={Current status of the AMOEBA polarizable force field},
  author={Ponder, Jay W and Wu, Chuanjie and Ren, Pengyu and Pande, Vijay S and Chodera, John D and Schnieders, Michael J and Haque, Imran and Mobley, David L and Lambrecht, Daniel S and DiStasio Jr, Robert A and others},
  journal={The journal of physical chemistry B},
  volume={114},
  number={8},
  pages={2549--2564},
  year={2010},
  publisher={ACS Publications}
}

@article{das2019development,
  title={Development of an advanced force field for water using variational energy decomposition analysis},
  author={Das, Akshaya K and Urban, Lars and Leven, Itai and Loipersberger, Matthias and Aldossary, Abdulrahman and Head-Gordon, Martin and Head-Gordon, Teresa},
  journal={Journal of chemical theory and computation},
  volume={15},
  number={9},
  pages={5001--5013},
  year={2019},
  publisher={ACS Publications}
}

@article{wang2023general,
  title={General Charge Transfer Dipole Model for AMOEBA-Like Force Fields},
  author={Wang, Wei and Yan, Dengjie and Cai, Yao and Xu, Dingguo and Ma, Jianyi and Wang, Qiantao},
  journal={Journal of Chemical Theory and Computation},
  volume={19},
  number={9},
  pages={2518--2534},
  year={2023},
  publisher={ACS Publications}
}

@article{khaliullin2007unravelling,
  title={Unravelling the origin of intermolecular interactions using absolutely localized molecular orbitals},
  author={Khaliullin, Rustam Z and Cobar, Erika A and Lochan, Rohini C and Bell, Alexis T and Head-Gordon, Martin},
  journal={The Journal of Physical Chemistry A},
  volume={111},
  number={36},
  pages={8753--8765},
  year={2007},
  publisher={ACS Publications}
}

@article{khaliullin2008analysis,
  title={Analysis of charge transfer effects in molecular complexes based on absolutely localized molecular orbitals},
  author={Khaliullin, Rustam Z and Bell, Alexis T and Head-Gordon, Martin},
  journal={The Journal of chemical physics},
  volume={128},
  number={18},
  year={2008},
  publisher={AIP Publishing}
}

@article{khaliullin2009electron,
  title={Electron donation in the water--water hydrogen bond},
  author={Khaliullin, Rustam Z and Bell, Alexis T and Head-Gordon, Martin},
  journal={Chemistry--A European Journal},
  volume={15},
  number={4},
  pages={851--855},
  year={2009},
  publisher={Wiley Online Library}
}

@article{xantheas2000cooperativity,
  title={Cooperativity and hydrogen bonding network in water clusters},
  author={Xantheas, Sotiris S},
  journal={Chemical Physics},
  volume={258},
  number={2-3},
  pages={225--231},
  year={2000},
  publisher={Elsevier}
}

@article{kirov2008identifying,
  title={Identifying the most stable networks in polyhedral water clusters},
  author={Kirov, Mikhail V and Fanourgakis, George S and Xantheas, Sotiris S},
  journal={Chemical Physics Letters},
  volume={461},
  number={4-6},
  pages={180--188},
  year={2008},
  publisher={Elsevier}
}

@book{stone2013theory,
  title={The theory of intermolecular forces},
  author={Stone, Anthony},
  year={2013},
  publisher={oUP oxford}
}

@article{misquitta2008first,
  title={A first principles prediction of the crystal structure of C6Br2ClFH2},
  author={Misquitta, Alston J and Welch, Gareth WA and Stone, Anthony J and Price, Sarah L},
  journal={Chemical Physics Letters},
  volume={456},
  number={1-3},
  pages={105--109},
  year={2008},
  publisher={Elsevier}
}

@article{mao2021intermolecular,
  title={From intermolecular interaction energies and observable shifts to component contributions and back again: A tale of variational energy decomposition analysis},
  author={Mao, Yuezhi and Loipersberger, Matthias and Horn, Paul R and Das, Akshaya and Demerdash, Omar and Levine, Daniel S and Prasad Veccham, Srimukh and Head-Gordon, Teresa and Head-Gordon, Martin},
  journal={Annual review of physical chemistry},
  volume={72},
  pages={641--666},
  year={2021},
  publisher={Annual Reviews}
}

@article{horn2016probing,
  title={Probing non-covalent interactions with a second generation energy decomposition analysis using absolutely localized molecular orbitals},
  author={Horn, Paul R and Mao, Yuezhi and Head-Gordon, Martin},
  journal={Physical Chemistry Chemical Physics},
  volume={18},
  number={33},
  pages={23067--23079},
  year={2016},
  publisher={Royal Society of Chemistry}
}

@article{rackers2019classical,
  title={Classical Pauli repulsion: An anisotropic, atomic multipole model},
  author={Rackers, Joshua A and Ponder, Jay W},
  journal={The Journal of chemical physics},
  volume={150},
  number={8},
  year={2019},
  publisher={AIP Publishing}
}

@article{piquemal2003improved,
  title={Improved formulas for the calculation of the electrostatic contribution to the intermolecular interaction energy from multipolar expansion of the electronic distribution},
  author={Piquemal, Jean-Philip and Gresh, Nohad and Giessner-Prettre, Claude},
  journal={The Journal of Physical Chemistry A},
  volume={107},
  number={48},
  pages={10353--10359},
  year={2003},
  publisher={ACS Publications}
}

@article{wang2015general,
  title={General model for treating short-range electrostatic penetration in a molecular mechanics force field},
  author={Wang, Qiantao and Rackers, Joshua A and He, Chenfeng and Qi, Rui and Narth, Christophe and Lagardere, Louis and Gresh, Nohad and Ponder, Jay W and Piquemal, Jean-Philip and Ren, Pengyu},
  journal={Journal of chemical theory and computation},
  volume={11},
  number={6},
  pages={2609--2618},
  year={2015},
  publisher={ACS Publications}
}

@article{mason2012accurate,
  title={Accurate description of aqueous carbonate ions: an effective polarization model verified by neutron scattering},
  author={Mason, Philip E and Wernersson, Erik and Jungwirth, Pavel},
  journal={The Journal of Physical Chemistry B},
  volume={116},
  number={28},
  pages={8145--8153},
  year={2012},
  publisher={ACS Publications}
}

@article{jiao2006simulation,
  title={Simulation of Ca2+ and Mg2+ solvation using polarizable atomic multipole potential},
  author={Jiao, Dian and King, Christopher and Grossfield, Alan and Darden, Thomas A and Ren, Pengyu},
  journal={The journal of physical chemistry B},
  volume={110},
  number={37},
  pages={18553--18559},
  year={2006},
  publisher={ACS Publications}
}

@article{chung2022classical,
  title={Classical Exchange Polarization: An Anisotropic Variable Polarizability Model},
  author={Chung, Moses KJ and Wang, Zhi and Rackers, Joshua A and Ponder, Jay W},
  journal={The Journal of Physical Chemistry B},
  volume={126},
  number={39},
  pages={7579--7594},
  year={2022},
  publisher={ACS Publications}
}

@article{herman2023accurate,
  title={Accurate calculation of many-body energies in water clusters using a classical geometry-dependent induction model},
  author={Herman, Kristina M and Stone, Anthony J and Xantheas, Sotiris S},
  year={2023}
}

@article{rakshit2019atlas,
  title={Atlas of putative minima and low-lying energy networks of water clusters n= 3--25},
  author={Rakshit, Avijit and Bandyopadhyay, Pradipta and Heindel, Joseph P and Xantheas, Sotiris S},
  journal={The Journal of chemical physics},
  volume={151},
  number={21},
  year={2019},
  publisher={AIP Publishing}
}

@article{pracht2020automated,
  title={Automated exploration of the low-energy chemical space with fast quantum chemical methods},
  author={Pracht, Philipp and Bohle, Fabian and Grimme, Stefan},
  journal={Physical Chemistry Chemical Physics},
  volume={22},
  number={14},
  pages={7169--7192},
  year={2020},
  publisher={Royal Society of Chemistry}
}

@article{bannwarth2019gfn2,
  title={GFN2-xTB—An accurate and broadly parametrized self-consistent tight-binding quantum chemical method with multipole electrostatics and density-dependent dispersion contributions},
  author={Bannwarth, Christoph and Ehlert, Sebastian and Grimme, Stefan},
  journal={Journal of chemical theory and computation},
  volume={15},
  number={3},
  pages={1652--1671},
  year={2019},
  publisher={ACS Publications}
}

@article{anatole2010two,
  title={Two-and three-body interatomic dispersion energy contributions to binding in molecules and solids},
  author={Anatole von Lilienfeld, O and Tkatchenko, Alexandre},
  journal={The Journal of chemical physics},
  volume={132},
  number={23},
  year={2010},
  publisher={AIP Publishing}
}

@article{misquitta2013charge,
  title={Charge transfer from regularized symmetry-adapted perturbation theory},
  author={Misquitta, Alston J},
  journal={Journal of chemical theory and computation},
  volume={9},
  number={12},
  pages={5313--5326},
  year={2013},
  publisher={ACS Publications}
}

@article{stone2009charge,
  title={Charge-transfer in symmetry-adapted perturbation theory},
  author={Stone, Anthony J and Misquitta, Alston J},
  journal={Chemical Physics Letters},
  volume={473},
  number={1-3},
  pages={201--205},
  year={2009},
  publisher={Elsevier}
}

@article{thirman2018characterizing,
  title={Characterizing the interplay of Pauli repulsion, electrostatics, dispersion and charge transfer in halogen bonding with energy decomposition analysis},
  author={Thirman, Jonathan and Engelage, Elric and Huber, Stefan M and Head-Gordon, Martin},
  journal={Physical Chemistry Chemical Physics},
  volume={20},
  number={2},
  pages={905--915},
  year={2018},
  publisher={Royal Society of Chemistry}
}

@article{partridge1997determination,
  title={The determination of an accurate isotope dependent potential energy surface for water from extensive ab initio calculations and experimental data},
  author={Partridge, Harry and Schwenke, David W},
  journal={The Journal of Chemical Physics},
  volume={106},
  number={11},
  pages={4618--4639},
  year={1997},
  publisher={American Institute of Physics}
}

@article{fanourgakis2006flexible,
  title={The flexible, polarizable, thole-type interaction potential for water (TTM2-F) revisited},
  author={Fanourgakis, George S and Xantheas, Sotiris S},
  journal={The Journal of Physical Chemistry A},
  volume={110},
  number={11},
  pages={4100--4106},
  year={2006},
  publisher={ACS Publications}
}

@article{babin2013development,
  title={Development of a “first principles” water potential with flexible monomers: Dimer potential energy surface, VRT spectrum, and second virial coefficient},
  author={Babin, Volodymyr and Leforestier, Claude and Paesani, Francesco},
  journal={Journal of chemical theory and computation},
  volume={9},
  number={12},
  pages={5395--5403},
  year={2013},
  publisher={ACS Publications}
}

@article{babin2014development,
  title={Development of a “first principles” water potential with flexible monomers. II: Trimer potential energy surface, third virial coefficient, and small clusters},
  author={Babin, Volodymyr and Medders, Gregory R and Paesani, Francesco},
  journal={Journal of chemical theory and computation},
  volume={10},
  number={4},
  pages={1599--1607},
  year={2014},
  publisher={ACS Publications}
}

@article{yu2022q,
  title={q-AQUA: A many-body CCSD (T) water potential, including four-body interactions, demonstrates the quantum nature of water from clusters to the liquid phase},
  author={Yu, Qi and Qu, Chen and Houston, Paul L and Conte, Riccardo and Nandi, Apurba and Bowman, Joel M},
  journal={The Journal of Physical Chemistry Letters},
  volume={13},
  number={22},
  pages={5068--5074},
  year={2022},
  publisher={ACS Publications}
}

@article{burnham1999parametrization,
  title={The parametrization of a Thole-type all-atom polarizable water model from first principles and its application to the study of water clusters (n= 2--21) and the phonon spectrum of ice Ih},
  author={Burnham, Christian J and Li, Jichen and Xantheas, Sotiris S and Leslie, Maurice},
  journal={The Journal of chemical physics},
  volume={110},
  number={9},
  pages={4566--4581},
  year={1999},
  publisher={American Institute of Physics}
}

@article{fanourgakis2006bend,
  title={The bend angle of water in ice Ih and liquid water: The significance of implementing the nonlinear monomer dipole moment surface in classical interaction potentials},
  author={Fanourgakis, George S and Xantheas, Sotiris S},
  journal={The Journal of chemical physics},
  volume={124},
  number={17},
  year={2006},
  publisher={AIP Publishing}
}

@article{sidler2018efficient,
  title={An efficient water force field calibrated against intermolecular THz and Raman spectra},
  author={Sidler, David and Meuwly, Markus and Hamm, Peter},
  journal={The Journal of chemical physics},
  volume={148},
  number={24},
  year={2018},
  publisher={AIP Publishing}
}

@article{tröster2013polarizable,
  title={Polarizable water models from mixed computational and empirical optimization},
  author={Tröster, Philipp and Lorenzen, Konstantin and Schwörer, Magnus and Tavan, Paul},
  journal={The Journal of Physical Chemistry B},
  volume={117},
  number={32},
  pages={9486--9500},
  year={2013},
  publisher={ACS Publications}
}

@article{sedghamiz2017probing,
  title={Probing the importance of charge flux in force field modeling},
  author={Sedghamiz, Elaheh and Nagy, Balazs and Jensen, Frank},
  journal={Journal of chemical theory and computation},
  volume={13},
  number={8},
  pages={3715--3721},
  year={2017},
  publisher={ACS Publications}
}

@article{yang2020accurate,
  title={Accurate description of molecular dipole surface with charge flux implemented for molecular mechanics},
  author={Yang, Xudong and Liu, Chengwen and Walker, Brandon D and Ren, Pengyu},
  journal={The Journal of Chemical Physics},
  volume={153},
  number={6},
  year={2020},
  publisher={AIP Publishing}
}

@article{hamm20142d,
  title={2D-Raman-THz spectroscopy: A sensitive test of polarizable water models},
  author={Hamm, Peter},
  journal={The Journal of Chemical Physics},
  volume={141},
  number={18},
  year={2014},
  publisher={AIP Publishing}
}

@article{herman2023extensive,
  title={An extensive assessment of the performance of pairwise and many-body interaction potentials in reproducing ab initio benchmark binding energies for water clusters n= 2--25},
  author={Herman, Kristina M and Xantheas, Sotiris S},
  journal={Physical Chemistry Chemical Physics},
  volume={25},
  number={10},
  pages={7120--7143},
  year={2023},
  publisher={Royal Society of Chemistry}
}

@article{heindel2020many,
  title={The many-body expansion for aqueous systems revisited: I. Water--water interactions},
  author={Heindel, Joseph P and Xantheas, Sotiris S},
  journal={Journal of Chemical Theory and Computation},
  volume={16},
  number={11},
  pages={6843--6855},
  year={2020},
  publisher={ACS Publications}
}

@article{heindel2021many,
  title={The many-body expansion for aqueous systems revisited: II. Alkali metal and halide ion--water interactions},
  author={Heindel, Joseph P and Xantheas, Sotiris S},
  journal={Journal of chemical theory and computation},
  volume={17},
  number={4},
  pages={2200--2216},
  year={2021},
  publisher={ACS Publications}
}

@article{herman2021many,
  title={The many-body expansion for aqueous systems revisited: III. Hofmeister ion--water interactions},
  author={Herman, Kristina M and Heindel, Joseph P and Xantheas, Sotiris S},
  journal={Physical Chemistry Chemical Physics},
  volume={23},
  number={19},
  pages={11196--11210},
  year={2021},
  publisher={Royal Society of Chemistry}
}

@article{zhu2023mb,
  title={MB-pol (2023): Sub-chemical accuracy for water simulations from the gas to the liquid phase},
  author={Zhu, Xuanyu and Riera, Marc and Bull-Vulpe, Ethan F and Paesani, Francesco},
  journal={Journal of Chemical Theory and Computation},
  volume={19},
  number={12},
  pages={3551--3566},
  year={2023},
  publisher={ACS Publications}
}

@article{burnham2002development,
  title={Development of transferable interaction models for water. IV. A flexible, all-atom polarizable potential (TTM2-F) based on geometry dependent charges derived from an ab initio monomer dipole moment surface},
  author={Burnham, Christian J and Xantheas, Sotiris S},
  journal={The Journal of chemical physics},
  volume={116},
  number={12},
  pages={5115--5124},
  year={2002},
  publisher={American Institute of Physics}
}

@article{leontyev2011accounting,
  title={Accounting for electronic polarization in non-polarizable force fields},
  author={Leontyev, Igor and Stuchebrukhov, Alexei},
  journal={Physical Chemistry Chemical Physics},
  volume={13},
  number={7},
  pages={2613--2626},
  year={2011},
  publisher={Royal Society of Chemistry}
}

@article{bedrov2019molecular,
  title={Molecular dynamics simulations of ionic liquids and electrolytes using polarizable force fields},
  author={Bedrov, Dmitry and Piquemal, Jean-Philip and Borodin, Oleg and MacKerell Jr, Alexander D and Roux, Beno{\^\i}t and Schroeder, Christian},
  journal={Chemical reviews},
  volume={119},
  number={13},
  pages={7940--7995},
  year={2019},
  publisher={ACS Publications}
}

@article{zhuang2022hydration,
  title={Hydration structure of Na+ and K+ ions in solution predicted by data-driven many-body potentials},
  author={Zhuang, Debbie and Riera, Marc and Zhou, Ruihan and Deary, Alexander and Paesani, Francesco},
  journal={The Journal of Physical Chemistry B},
  volume={126},
  number={45},
  pages={9349--9360},
  year={2022},
  publisher={ACS Publications}
}

@article{caruso2022accurate,
  title={Accurate modeling of bromide and iodide hydration with data-driven many-body potentials},
  author={Caruso, Alessandro and Zhu, Xuanyu and Fulton, John L and Paesani, Francesco},
  journal={The Journal of Physical Chemistry B},
  volume={126},
  number={41},
  pages={8266--8278},
  year={2022},
  publisher={ACS Publications}
}

@article{boyer2019beyond,
  title={Beyond Badger’s rule: The origins and generality of the structure--spectra relationship of aqueous hydrogen bonds},
  author={Boyer, Mark A and Marsalek, Ondrej and Heindel, Joseph P and Markland, Thomas E and McCoy, Anne B and Xantheas, Sotiris S},
  journal={The Journal of Physical Chemistry Letters},
  volume={10},
  number={5},
  pages={918--924},
  year={2019},
  publisher={ACS Publications}
}

@article{badger1934relation,
  title={A relation between internuclear distances and bond force constants},
  author={Badger, Richard M},
  journal={The Journal of Chemical Physics},
  volume={2},
  number={3},
  pages={128--131},
  year={1934},
  publisher={American Institute of Physics}
}

@article{klamt2011cosmo,
  title={The COSMO and COSMO-RS solvation models},
  author={Klamt, Andreas},
  journal={Wiley Interdisciplinary Reviews: Computational Molecular Science},
  volume={1},
  number={5},
  pages={699--709},
  year={2011},
  publisher={Wiley Online Library}
}

@article{liu2019implementation,
  title={Implementation of geometry-dependent charge flux into the polarizable AMOEBA+ potential},
  author={Liu, Chengwen and Piquemal, Jean-Philip and Ren, Pengyu},
  journal={The journal of physical chemistry letters},
  volume={11},
  number={2},
  pages={419--426},
  year={2019},
  publisher={ACS Publications}
}

@article{mccoy2014role,
  title={The role of electrical anharmonicity in the association band in the water spectrum},
  author={McCoy, Anne B},
  journal={The Journal of Physical Chemistry B},
  volume={118},
  number={28},
  pages={8286--8294},
  year={2014},
  publisher={ACS Publications}
}

@article{mao2017energy,
  title={Energy decomposition analysis in an adiabatic picture},
  author={Mao, Yuezhi and Horn, Paul R and Head-Gordon, Martin},
  journal={Physical Chemistry Chemical Physics},
  volume={19},
  number={8},
  pages={5944--5958},
  year={2017},
  publisher={Royal Society of Chemistry}
}

@article{aldossary2023force,
  title={Force Decomposition Analysis: A method to decompose intermolecular forces into physically relevant component contributions},
  author={Aldossary, Abdulrahman and Gimferrer, Mart{\'\i} and Mao, Yuezhi and Hao, Hongxia and Das, Akshaya K and Salvador, Pedro and Head-Gordon, Teresa and Head-Gordon, Martin},
  journal={The Journal of Physical Chemistry A},
  volume={127},
  number={7},
  pages={1760--1774},
  year={2023},
  publisher={ACS Publications}
}

@article{roy2017marcus,
  title={Marcus theory of ion-pairing},
  author={Roy, Santanu and Baer, Marcel D and Mundy, Christopher J and Schenter, Gregory K},
  journal={Journal of chemical theory and computation},
  volume={13},
  number={8},
  pages={3470--3477},
  year={2017},
  publisher={ACS Publications}
}